<?xml version="1.0" encoding="UTF-8"?><record xmlns="http://www.loc.gov/MARC21/slim" xmlns:cinclude="http://apache.org/cocoon/include/1.0" xmlns:zs="http://www.loc.gov/zing/srw/">
  <leader>00567cz  a2200169n  4500</leader>
  <controlfield tag="001">nr2004023760</controlfield>
  <controlfield tag="003">DLC</controlfield>
  <controlfield tag="005">20080911081526.0</controlfield>
  <controlfield tag="008">040809n| acannaabn          |b aaa     c</controlfield>
  <datafield tag="010" ind1=" " ind2=" ">
    <subfield code="a">nr2004023760</subfield>
  </datafield>
  <datafield tag="035" ind1=" " ind2=" ">
    <subfield code="a">(OCoLC)oca06423792</subfield>
  </datafield>
  <datafield tag="040" ind1=" " ind2=" ">
    <subfield code="a">UPB</subfield>
    <subfield code="b">eng</subfield>
    <subfield code="c">UPB</subfield>
    <subfield code="d">OCoLC</subfield>
  </datafield>
  <datafield tag="100" ind1="1" ind2=" ">
    <subfield code="a">Hisatsune, Setsuko,</subfield>
    <subfield code="d">1945-</subfield>
  </datafield>
  <datafield tag="400" ind1="1" ind2=" ">
    <subfield code="a">久常節子,</subfield>
    <subfield code="d">1945-</subfield>
  </datafield>
  <datafield tag="667" ind1=" " ind2=" ">
    <subfield code="a">Machine-derived non-Latin script reference project.</subfield>
  </datafield>
  <datafield tag="667" ind1=" " ind2=" ">
    <subfield code="a">Non-Latin script reference not evaluated.</subfield>
  </datafield>
  <datafield tag="670" ind1=" " ind2=" ">
    <subfield code="a">Jūmin jishin no rīdāshippu kinō, 1987:</subfield>
    <subfield code="b">t.p. (Hisatsune Setsuko) colophon (r; b. 1945)</subfield>
  </datafield>
</record>